<record><leader>00000cas a2200000 a 4500</leader><controlfield tag="001">11693170</controlfield><controlfield tag="008">850214d19231939ksuwr ne      0   a0eng d</controlfield><datafield ind1=" " ind2=" " tag="010"><subfield code="a">sn 85030045 </subfield></datafield><datafield ind1=" " ind2=" " tag="040"><subfield code="a">KSH</subfield><subfield code="b">eng</subfield><subfield code="c">KSH</subfield><subfield code="d">NPT</subfield><subfield code="d">OCL</subfield><subfield code="d">OCLCQ</subfield></datafield><datafield ind1=" " ind2=" " tag="042"><subfield code="a">msc</subfield></datafield><datafield ind1="0" ind2="4" tag="245"><subfield code="a">The Zenda headlight.</subfield></datafield><datafield ind1=" " ind2=" " tag="260"><subfield code="a">Zenda, Kan. :</subfield><subfield code="b">Clyde Walter,</subfield><subfield code="c">1923-1939.</subfield></datafield><datafield ind1=" " ind2=" " tag="300"><subfield code="a">16 v. :</subfield><subfield code="b">ill. ;</subfield><subfield code="c">55-60 cm.</subfield></datafield><datafield ind1=" " ind2=" " tag="310"><subfield code="a">Weekly</subfield></datafield><datafield ind1="0" ind2=" " tag="362"><subfield code="a">Vol. 11, no. 30 (Oct. 4, 1923)-v. 27, no. 36 (Nov. 23, 1939).</subfield></datafield><datafield ind1=" " ind2=" " tag="500"><subfield code="a">Includes section called: "Isabel Independent," Oct. 4, 1923-Jan. 17, 1924; "Isabel Dept. of the Zenda Headlight," Jan. 24, 1924-Jan. 28, 1926.</subfield></datafield><datafield ind1=" " ind2=" " tag="752"><subfield code="a">United States</subfield><subfield code="b">Kansas</subfield><subfield code="c">Kingman</subfield><subfield code="d">Zenda.</subfield></datafield><datafield ind1="0" ind2="0" tag="780"><subfield code="t">Nashville journal</subfield><subfield code="w">(DLC)sn 85030044</subfield></datafield><datafield ind1="0" ind2="0" tag="785"><subfield code="t">Zephyr (Zenda, Kan.)</subfield><subfield code="w">(DLC)sn 85030046</subfield></datafield></record>